<record><leader>00000cas a22000007a 4500</leader><controlfield tag="001">17844040</controlfield><controlfield tag="008">880423d19121921iaucr ne      0    0eng d</controlfield><datafield ind1=" " ind2=" " tag="010"><subfield code="a">sn 88059403 </subfield></datafield><datafield ind1=" " ind2=" " tag="040"><subfield code="a">INP</subfield><subfield code="b">eng</subfield><subfield code="c">INP</subfield><subfield code="d">OCLCQ</subfield></datafield><datafield ind1=" " ind2=" " tag="042"><subfield code="a">msc</subfield></datafield><datafield ind1="0" ind2="4" tag="245"><subfield code="a">The Excelsior-record.</subfield></datafield><datafield ind1=" " ind2=" " tag="260"><subfield code="a">Maquoketa, Iowa :</subfield><subfield code="b">Excelsior Print. Co.,</subfield><subfield code="c">1912-1921.</subfield></datafield><datafield ind1=" " ind2=" " tag="300"><subfield code="a">10 v.</subfield></datafield><datafield ind1=" " ind2=" " tag="310"><subfield code="a">Semiweekly,</subfield><subfield code="b">Sept. 29, 1914-Nov. 1, 1921</subfield></datafield><datafield ind1=" " ind2=" " tag="321"><subfield code="a">Weekly,</subfield><subfield code="b">1912-Sept. 24, 1914</subfield></datafield><datafield ind1="0" ind2=" " tag="362"><subfield code="a">Vol. 57, no. 43 (Nov. 22, 1912)-v. 66, no. 82 (Nov. 1, 1921).</subfield></datafield><datafield ind1=" " ind2=" " tag="500"><subfield code="a">Publisher varies.</subfield></datafield><datafield ind1=" " ind2=" " tag="752"><subfield code="a">United States</subfield><subfield code="b">Iowa</subfield><subfield code="c">Jackson</subfield><subfield code="d">Maquoketa.</subfield></datafield><datafield ind1="0" ind2="4" tag="780"><subfield code="t">Excelsior (Maquoketa, Iowa)</subfield><subfield code="w">(DLC)sn 87099992</subfield></datafield><datafield ind1="0" ind2="4" tag="780"><subfield code="t">Maquoketa record</subfield><subfield code="w">(DLC)sn 88059008</subfield></datafield><datafield ind1="0" ind2="0" tag="785"><subfield code="t">Maquoketa excelsior (Maquoketa, Iowa : 1921)</subfield><subfield code="w">(DLC)sn 88059404</subfield></datafield></record>